<?xml version="1.0" encoding="UTF-8"?><collection xmlns="http://www.loc.gov/MARC21/slim"><record><leader>00699nam--2200205-i-4500</leader><controlfield tag="001">000046361</controlfield><controlfield tag="002">20161230</controlfield><controlfield tag="005">20161230201045</controlfield><controlfield tag="008">060222s1000------------r-----000-0-eng-d</controlfield><datafield ind1=" " ind2=" " tag="020"><subfield code="a">0854981217</subfield></datafield><datafield ind1=" " ind2=" " tag="040"><subfield code="a">IFIN-HH</subfield></datafield><datafield ind1=" " ind2=" " tag="080"><subfield code="a">539.12.04:537.311.322(061.3)</subfield></datafield><datafield ind1="1" ind2=" " tag="100"><subfield code="a">Urli, N.B</subfield></datafield><datafield ind1="1" ind2="0" tag="245"><subfield code="a">Radiation effects in semiconductors, 1976</subfield><subfield code="b">Invited and contributed papers from the international conference on radiation in dubrovnik, 6-9 september 976</subfield><subfield code="c">N.b. urli, j.w. corbett (eds.)</subfield></datafield><datafield ind1=" " ind2=" " tag="260"><subfield code="a">Bristol</subfield><subfield code="b">The Institute Of Physics</subfield><subfield code="c">1977</subfield></datafield><datafield ind1=" " ind2=" " tag="300"><subfield code="a">X+534P</subfield></datafield><datafield ind1=" " ind2=" " tag="490"><subfield code="a">Conference Series Number 31</subfield></datafield><datafield ind1="1" ind2=" " tag="700"><subfield code="a">Corbett, J.W</subfield><subfield code="e">Ed</subfield></datafield><datafield ind1=" " ind2=" " tag="852"><subfield code="a">45960</subfield><subfield code="c">539.12.04</subfield></datafield><datafield ind1=" " ind2=" " tag="CAT"><subfield code="a">Sys</subfield><subfield code="c">20120209</subfield><subfield code="h">145438</subfield></datafield></record></collection>